@Article{Luo2019,
  author    = {Luo, Xing-Gang and Zhang, Hong-Bo and Zhang, Zhong-Liang and Yu, Yang and Li, Ke},
  journal   = {IEEE Access},
  title     = {A New Framework of Intelligent Public Transportation System Based on the Internet of Things},
  year      = {2019},
  pages     = {55290-55304},
  volume    = {7},
  date      = {2019},
  doi       = {10.1109/access.2019.2913288},
  publisher = {Institute of Electrical and Electronics Engineers (IEEE)},
}

@Article{Gubbi2013,
  author    = {Gubbi, Jayavardhana and Buyya, Rajkumar and Marusic, Slaven and Palaniswami, Marimuthu},
  journal   = {Future Generation Computer Systems},
  title     = {Internet of Things (IoT): A vision, architectural elements, and future directions},
  year      = {2013},
  month     = {9},
  number    = {7},
  pages     = {1645-1660},
  volume    = {29},
  date      = {2013-09},
  doi       = {10.1016/j.future.2013.01.010},
  publisher = {Elsevier BV},
}

@InBook{Elkosantini2013,
  author    = {Elkosantini, Sabeur and Darmoul, Saber},
  pages     = {233-238},
  publisher = {IEEE},
  title     = {Intelligent Public Transportation Systems: A review of architectures and enabling technologies},
  year      = {2013},
  address   = {Sousse, Tunisia},
  month     = {5},
  booktitle = {2013 International Conference on Advanced Logistics and Transport},
  date      = {2013-05},
  doi       = {10.1109/icadlt.2013.6568465},
}

@Article{Zhang2014,
  author    = {Zhang, Si and Chen, Shu},
  journal   = {Advanced Materials Research},
  title     = {Design &amp;amp; Implementation of Real-Time Broadcast System of Urban Public Transport Crowding Index Based on the Internet of Things},
  year      = {2014},
  month     = {10},
  pages     = {1753-1758},
  volume    = {1049-1050},
  date      = {2014-10},
  doi       = {10.4028/www.scientific.net/amr.1049-1050.1753},
  publisher = {Trans Tech Publications, Ltd.},
}

@InBook{Zheng2015,
  author    = {Zheng, Fangfang and Chen, She and Zhang, Jin and Qiu, Fajun},
  pages     = {513-519},
  publisher = {American Society of Civil Engineers},
  title     = {Internet of Things Technologies for Urban Public Transport Systems: A Case Application in Chengdu, China},
  year      = {2015},
  address   = {China; Dailan, China},
  month     = {9},
  booktitle = {ICTE 2015},
  date      = {2015-09-21},
  day       = {21},
  doi       = {10.1061/9780784479384.066},
}

@Article{Iarjset2007,
  author  = {Iarjset},
  journal = {International Advanced Research Journal in Science, Engineering and Technology ISO},
  title   = {41 Introduction to IOT Pradyumna Gokhale1 , Omkar Bhat2 , Sagar Bhat3 IT Dept},
  year    = {2007},
  month   = {1},
  number  = {1},
  pages   = {1--3},
  volume  = {3297},
  date    = {2007-01},
  doi     = {IARJSETDOI10.17148/IARJSET.2018.517},
}

@Comment{jabref-meta: databaseType:bibtex;}
